@book{Stephenson2000,
  added-at  = {2014-08-12T16:44:19.000+0200},
  address   = {London},
  author    = {Stephenson, Neal},
  biburl    = {https://www.bibsonomy.org/bibtex/26a3c5fadac6aa798c1298dfa2e5b7e80/giedenbacher},
  interhash = {74e0c604efaa56701dc64a1a34c6640e},
  intrahash = {6a3c5fadac6aa798c1298dfa2e5b7e80},
  keywords  = {imported},
  publisher = {Arrow},
  timestamp = {2014-08-12T16:44:19.000+0200},
  title     = {Cryptonomicon},
  year      = 2000
}

@misc{wiki:SCA,
  author = "{Wikipedia contributors}",
  title  = "Society for Creative Anachronism --- {Wikipedia}{,} The Free Encyclopedia",
  year   = "2020",
  url    = "https://en.wikipedia.org/w/index.php?title=Society_for_Creative_Anachronism&oldid=943115945",
  note   = "[Online; accessed 3-March-2020]"
}
